@inproceedings{chen2009efficient,
  title={Efficient influence maximization in social networks},
  author={Chen, Wei and Wang, Yajun and Yang, Siyu},
  booktitle={Proceedings of the 15th ACM SIGKDD international conference on Knowledge discovery and data mining},
  pages={199--208},
  year={2009},
  organization={ACM}
}